
@misc{BaumWelchAlgorithmTraining,
  title = {Baum-{{Welch}} Algorithm for Training a {{Hidden Markov Model}} \textemdash{} {{Part}} 2 of the {{HMM}} Series | by {{Raymond Kwok}} | {{Analytics Vidhya}} | {{Medium}}},
  file = {/home/joel/Zotero/storage/WZIVUCFM/baum-welch-algorithm-for-training-a-hidden-markov-model-part-2-of-the-hmm-series-d0e393b4fb86.html},
  howpublished = {https://medium.com/analytics-vidhya/baum-welch-algorithm-for-training-a-hidden-markov-model-part-2-of-the-hmm-series-d0e393b4fb86}
}

@misc{HmmlearnHmmlearn2021,
  title = {Hmmlearn/Hmmlearn},
  year = {2021},
  month = mar,
  abstract = {Hidden Markov Models in Python, with scikit-learn like API},
  copyright = {BSD-3-Clause License         ,                 BSD-3-Clause License},
  howpublished = {hmmlearn}
}

@article{rabinerTutorialHiddenMarkov2001,
  title = {A {{Tutorial}} on {{Hidden Markov Models}} and {{Selected Applications}} in {{Speech Recognition}}},
  author = {Rabiner, Lawrence},
  year = {2001},
  volume = {89},
  pages = {0200--0257},
  file = {/home/joel/Zotero/storage/BVKM9XQX/rabiner.pdf},
  journal = {Proceedings of the IEEE},
  number = {8}
}

@misc{SklearnClusterKMeans2021,
  title = {Sklearn.Cluster.{{KMeans}} \textemdash{} Scikit-Learn 0.24.1 Documentation},
  year = {2021},
  month = mar,
  file = {/home/joel/Zotero/storage/ZBKZXNJR/sklearn.cluster.KMeans.html},
  howpublished = {https://scikit-learn.org/stable/modules/generated/sklearn.cluster.KMeans.html}
}

@article{wunschBaumWelchAlgorithmusFu2001,
  title = {{Der Baum-Welch Algorithmus fu\textasciidieresis r Hidden Markov Models, ein Spezialfall des EM-Algorithmus}},
  author = {Wunsch, Holger},
  year = {2001},
  month = aug,
  pages = {34},
  file = {/home/joel/Zotero/storage/YB34ZRF3/Wunsch - Der Baum-Welch Algorithmus fuÂ¨r Hidden Markov Mode.pdf},
  language = {de}
}


